<record><leader>00000cas a22000007a 4500</leader><controlfield tag="001">10675874</controlfield><controlfield tag="008">840430d18461847nhuwr ne      0    0eng d</controlfield><datafield ind1=" " ind2=" " tag="010"><subfield code="a">sn 84022949 </subfield></datafield><datafield ind1=" " ind2=" " tag="040"><subfield code="a">NPX</subfield><subfield code="b">eng</subfield><subfield code="c">NPX</subfield><subfield code="d">NPU</subfield><subfield code="d">NVH</subfield><subfield code="d">OCLCQ</subfield></datafield><datafield ind1=" " ind2=" " tag="042"><subfield code="a">msc</subfield></datafield><datafield ind1="0" ind2="0" tag="245"><subfield code="a">New-Hampshire courier and Concord gazette.</subfield></datafield><datafield ind1=" " ind2=" " tag="260"><subfield code="a">Concord, N.H. :</subfield><subfield code="b">A.C. Blodgett</subfield></datafield><datafield ind1=" " ind2=" " tag="300"><subfield code="a">v.</subfield></datafield><datafield ind1=" " ind2=" " tag="310"><subfield code="a">Weekly</subfield></datafield><datafield ind1="0" ind2=" " tag="362"><subfield code="a">Vol. 9, whole no. 427 (Jan. 9, 1846)-v. 10, whole no. 490 (Mar. 31, 1847) = new ser. v. 2, no. 15-v. 3, no. 28.</subfield></datafield><datafield ind1=" " ind2=" " tag="580"><subfield code="a">Merged with: Independent Democrat (Manchester, N.H.), and: Granite freeman to form: Independent Democrat and freeman.</subfield></datafield><datafield ind1=" " ind2=" " tag="752"><subfield code="a">United States</subfield><subfield code="b">New Hampshire</subfield><subfield code="c">Merrimack</subfield><subfield code="d">Concord.</subfield></datafield><datafield ind1="0" ind2="0" tag="780"><subfield code="t">New Hampshire courier (Concord, N.H. : 1837)</subfield><subfield code="w">(DLC)sn 84022958</subfield></datafield><datafield ind1="1" ind2="7" tag="785"><subfield code="t">Independent Democrat (Manchester, N.H.)</subfield><subfield code="w">(DLC)sn 84022951</subfield></datafield><datafield ind1="1" ind2="7" tag="785"><subfield code="t">Granite freeman</subfield><subfield code="w">(DLC)sn 84022950</subfield></datafield><datafield ind1="1" ind2="7" tag="785"><subfield code="t">Independent Democrat and freeman</subfield><subfield code="w">(DLC)sn 84022952</subfield></datafield></record>